@misc{presentation:slidesPartI,
	author = "J. de Jong",
	title = "Similarity and Symmetry for Discrete Structures Part I: Color Refinement",
	howpublished = "University Twente BlackBoard",
	year = "2015",
	month = "2"
}
@misc{presentation:slidesPartII,
	author = "P. Bonsma",
	title = "Similarity and Symmetry for Discrete Structures Part II: Branching Algorithms",
	howpublished = "University Twente BlackBoard",
	year = "2016"
}
@misc{presentation:slidesPartIII,
	author = "P. Bonsma",
	title = "Similarity and Symmetry for Discrete Structures Part III: Fast Equivalence Testing and Minimization of DFAs",
	howpublished = "University Twente BlackBoard"
}
@misc{website:wikiGI,
	author = "Wikipedia",
	title = "Graph isomorphism problem",
	url = "http://en.wikipedia.org/wiki/Graph_isomorphism_problem"
}
@book{book:gareyJohnson1979,
    author = "Garey, Michael R. and Johnson, David S.",
    title = " Computers and Intractability: A Guide to the Theory of NP-Completeness",
    publisher = "W. H. Freeman",
    year = "1979",
    ISBN = "978-0-7167-1045-5",
	OCLC = "11745039"
}
@misc{misc:group4,
	author = "W. van Veelen and N. Goldsmid and E. Khan and E. Koster",
	title = "Fast Color Refinement Algorithm",
	note = "Group 04"
}