@misc{website:wikiGI,
      author = "Wikipedia",
      title = "Graph isomorphism problem",
      url = "http://en.wikipedia.org/wiki/Graph_isomorphism_problem"}

@misc{website:proofwiki,
      author = "ProofWiki",
      title = "Graph isomorphism problem",
      url = "https://proofwiki.org/wiki/Same_Cardinality_Bijective_Injective_Surjective"

}
@book{book:garyJohnson1979,
    author    = "Garey, Michael R. and Johnson, David S.",
    title     = " Computers and Intractability: A Guide to the Theory of NP-Completeness",
    publisher = "W. H. Freeman",
    year      = "1979",
    ISBN	      = "978-0-7167-1045-5",
    OCLC      = "11745039",
}
@article{article:davidJohnson2005,
    author    = "Johnson, David S.",
    title     = "The NP-Completeness Column",
    journal   = " ACM Transactions on Algorithms",
    volume    = "1",
    number    = "1",
    pages     = "160-176",
    year      = "2005",
    DOI       = "10.1145/1077464.1077476",
    note      = "\emph{(This 24th edition of the Column discusses the state of the art for the open problems from the book Computers and Intractability and previous columns, in particular, for Graph Isomorphism.)}",
}
@inproceedings{inproceedings:babaiCodenotti2008,
	author		= "Babai, László and Codenotti, Paolo",
	title		= "Isomorphism of Hypergraphs of Low Rank in Moderately Exponential Time",
	booktitle	= "FOCS '08: Proceedings of the 2008 49th Annual IEEE Symposium on Foundations of Computer Science",
	pages		= "667–676",
	organization	= "IEEE Computer Society",
	year		= "2008",
	ISBN		= "978-0-7695-3436-7",
}
@misc{website:pythonTimeComplexity,
      author = "Python",
      title = "Time Complexity",
      url = "https://wiki.python.org/moin/TimeComplexity"
}